@online{gsheetapi,
    url="https://developers.google.com/sheets/api/reference/rest/v4/spreadsheets.values/batchUpdate",
    urldate="2021-06-10"
}

@online{ada,
    url="https://github.com/adafruit/Adafruit_Sensor",
    urldate="2021-06-10"
}

@manual{mpudata,
    title="MPU-6000 and MPU-6050 Product Specification",
    note="Revision 3.4",
    year="2013",
    organization="InvenSense Inc.",
    url="https://www.mouser.in/datasheet/2/400/MPU-6000-Datasheet1-1860908.pdf"
}

@manual{espdata,
    title="ESP8266EX Datasheet",
    note="Version 6.6",
    year="2020",
    organization="Espressif Systems",
    url="https://www.espressif.com/sites/default/files/documentation/0a-esp8266ex_datasheet_en.pdf"
}

@manual{arddata,
    title="Arduino UNO Datasheet",
    organization="Arduino",
    url="https://datasheet.octopart.com/A000066-Arduino-datasheet-38879526.pdf"
}

